<record><leader>01765cam a2200445 i 4500</leader><controlfield tag="001">6815586</controlfield><controlfield tag="003">OCoLC</controlfield><controlfield tag="005">20150220141701.0</controlfield><controlfield tag="008">140523t20152015dcua     b    000 0 eng  </controlfield><datafield ind1=" " ind2=" " tag="010"><subfield code="a">  2014019545</subfield></datafield><datafield ind1=" " ind2=" " tag="020"><subfield code="a">9781464803079 (alk. paper)</subfield></datafield><datafield ind1=" " ind2=" " tag="020"><subfield code="a">1464803072 (alk. paper)</subfield></datafield><datafield ind1=" " ind2=" " tag="020"><subfield code="z">9781464803109 (ebk)</subfield></datafield><datafield ind1=" " ind2=" " tag="035"><subfield code="a">ocn880672149</subfield></datafield><datafield ind1=" " ind2=" " tag="040"><subfield code="a">DLC</subfield><subfield code="b">eng</subfield><subfield code="e">rda</subfield><subfield code="c">DLC</subfield><subfield code="d">BTCTA</subfield><subfield code="d">OCLCF</subfield><subfield code="d">YDXCP</subfield><subfield code="d">UAB</subfield><subfield code="d">AEU</subfield></datafield><datafield ind1=" " ind2=" " tag="042"><subfield code="a">pcc</subfield></datafield><datafield ind1=" " ind2=" " tag="043"><subfield code="a">d------</subfield></datafield><datafield ind1="0" ind2="4" tag="050"><subfield code="a">HC59.72.E5</subfield><subfield code="b">T66 2015</subfield></datafield><datafield ind1="0" ind2="0" tag="082"><subfield code="a">332.1/532</subfield><subfield code="2">23</subfield></datafield><datafield ind1=" " ind2=" " tag="090"><subfield code="a">HC 59.72 E5 T66 2015</subfield><subfield code="b">AEU</subfield></datafield><datafield ind1="0" ind2="0" tag="245"><subfield code="a">Too global to fail :</subfield><subfield code="b">the World Bank at the intersection of national and global public policy in 2025 /</subfield><subfield code="c">J. Warren Evans and Robin Davies, editors.</subfield></datafield><datafield ind1=" " ind2="1" tag="264"><subfield code="a">Washington, DC :</subfield><subfield code="b">World Bank Group,</subfield><subfield code="c">[2015]</subfield></datafield><datafield ind1=" " ind2="4" tag="264"><subfield code="c">&#169;2015</subfield></datafield><datafield ind1=" " ind2=" " tag="300"><subfield code="a">xxxii, 276 pages :</subfield><subfield code="b">illustrations ;</subfield><subfield code="c">26 cm.</subfield></datafield><datafield ind1=" " ind2=" " tag="336"><subfield code="a">text</subfield><subfield code="b">txt</subfield><subfield code="2">rdacontent</subfield></datafield><datafield ind1=" " ind2=" " tag="337"><subfield code="a">unmediated</subfield><subfield code="b">n</subfield><subfield code="2">rdamedia</subfield></datafield><datafield ind1=" " ind2=" " tag="338"><subfield code="a">volume</subfield><subfield code="b">nc</subfield><subfield code="2">rdacarrier</subfield></datafield><datafield ind1="1" ind2=" " tag="490"><subfield code="a">Directions in development : environment and sustainable development</subfield></datafield><datafield ind1=" " ind2=" " tag="504"><subfield code="a">Includes bibliographical references.</subfield></datafield><datafield ind1=" " ind2=" " tag="596"><subfield code="a">16</subfield></datafield><datafield ind1="2" ind2="0" tag="610"><subfield code="a">World Bank</subfield><subfield code="z">Developing countries.</subfield></datafield><datafield ind1=" " ind2="0" tag="650"><subfield code="a">Economic development</subfield><subfield code="x">Environmental aspects</subfield><subfield code="z">Developing countries</subfield><subfield code="x">International cooperation.</subfield></datafield><datafield ind1=" " ind2="0" tag="650"><subfield code="a">Public goods.</subfield></datafield><datafield ind1=" " ind2="0" tag="650"><subfield code="a">Economic assistance</subfield><subfield code="z">Developing countries.</subfield></datafield><datafield ind1="1" ind2=" " tag="700"><subfield code="a">Evans, J. W.</subfield><subfield code="q">(James Warren),</subfield><subfield code="e">editor.</subfield></datafield><datafield ind1="1" ind2=" " tag="700"><subfield code="a">Davies, Robin,</subfield><subfield code="e">editor.</subfield></datafield><datafield ind1="2" ind2=" " tag="710"><subfield code="a">World Bank.</subfield></datafield><datafield ind1=" " ind2="0" tag="830"><subfield code="a">Directions in development (Washington, D.C.).</subfield><subfield code="p">Environment and sustainable development.</subfield></datafield><datafield ind1=" " ind2=" " tag="949"><subfield code="a">HC 59.72 E5 T66 2015</subfield><subfield code="h">UAAU-B</subfield><subfield code="i">0162035249117</subfield></datafield><datafield ind1=" " ind2=" " tag="926"><subfield code="a">HC 59.72 E5 T66 2015</subfield><subfield code="w">LC</subfield><subfield code="c">1</subfield><subfield code="i">0162035249117</subfield><subfield code="l">ON_SHELF</subfield><subfield code="m">UAAUG</subfield><subfield code="p">$150.00</subfield><subfield code="r">Y</subfield><subfield code="s">Y</subfield><subfield code="t">BOOK</subfield><subfield code="u">3/4/2015</subfield></datafield></record>